% Example bibliography for BibTeX
% Help available at http://en.wikibooks.org/wiki/LaTeX/Bibliography_Management

@Book{lappalainen,
    author =   "Lappalainen ,P. and Suutari-Jääskö ,L. and Silvén ,O.", 
    year =   "1994",
    title =   "Diplomityön teko-ohjeet",
    publisher =   "Oulun yliopisto",
    address = "Sähkö- ja tietotekniikan osasto, Oulu",
}

@book{acta,
    title =   "Ohjeita kirjoittajille",
    publisher =   "Acta Universitatis Ouluensis -sarjan julkaisutoimikunta",
    address = "Oulun yliopisto, Oulu",
    year = "1997",
    author = "Rautio, Leena"
}

@Book{tirronen,
    author =   "Tirronen, K.", 
    year =   "1987",
    title =   "Teknisen kirjoituksen laatiminen",
    publisher =   "Suomen Teknillinen Seura STS r.y.",
    address = "Teknillisten Tieteiden Akatemia, Jyväskylä",
}

@Book{maamies,
    year =   "1998",
    title =   "Kielikello",
    publisher =   "Kielenhuollon tiedotuslehti 3",
    address = "Kotimaisten kielten tutkimuskeskus",
    author = "Maamies, S."
}

@online{korpela,
    author = "Korpela, J.",
    title = "Nykyajan kielenopas",
    year = "2015",
    url = {https://jkorpela.fi/kielenopas/},
    urldate = "2025-05-27"
}

@online{kielitoimisto,
    title = {Kielenhuolto},
    author = {Kotimaisten kielten keskus},
    year = 2025,
    url = {http://www.kotus.fi/kielitoimisto/},
    urldate = "2025-05-27"
}

@online{reportwriting,
    title = "{Report Writing - Resources for Students}",
    url = {https://archive.learnhigher.ac.uk/Students/Report-writing.html},
    year = 2021,
    urldate = "2025-05-27"
}

@online{englishlanguage,
    title = "{English Language Resources}",
    year = 2013,
    url = {http://www.usingenglish.com/resources/},
    urldate = "2025-05-27"
}

@Book{siopas,
  AUTHOR = {{Suomen standardisoimisliitto}},
  LOCATION = {Helsinki},
  PUBLISHER = {Suomen standardisoimisliitto},
  URL = {https://finna.fi/Record/vaari.307437},
  DATE = {1974},
  TITLE = {{SI}-opas : suureet ja yksiköt : {SI}-mittayksikköjärjestelmä = ({Système} international d'unités)},
}

@online{systemofunits,
    title = "{International System of Units}",
    year = 2025,
    url = {http://en.wikipedia.org/wiki/International\_System\_of\_Units},
    urldate = "2025-05-27"
}

@online{bscstudies,
    title = "{Bachelor's thesis} Computer Science and Engineering",
    year = 2025,
    url = {https://www.oulu.fi/en/for-students/thesis-and-graduation/bachelors-degree/bachelors-thesis#177},
    author = {{Degree Programme in Computer Science and Engineering, University of Oulu}},
    urldate = "2015-05-27"
}


@online{mscstudies,
    title = "{Master's thesis} Computer Science and Engineering",
    year = 2025,
    url = {https://www.oulu.fi/en/for-students/thesis-and-graduation/graduation-masters-degree/masters-thesis#177},
    organization = {{Degree Programme in Computer Science and Engineering, University of Oulu}},
    urldate = "2025-05-27"
}

@online{mscgraduation,
    title = "{MSc} Graduation",
    year = 2024,
    url = {https://www.oulu.fi/en/graduation-masters-degree#177},
    organization = "Degree Programme in Computer Science {and} Engineering, University of Oulu",
    urldate = "2025-05-27"
}


@online{ieeetransactions,
    title = "{IEEE Editorial Style Manual for Authors}",
    url= {https://journals.ieeeauthorcenter.ieee.org/your-role-in-article-production/ieee-editorial-style-manual/},
    year = 2025,
    urldate = "2025-05-27",
    author = {IEEE}
}

@book{moore,
	title = {Cramming {More} {Components} {Onto} {Integrated} {Circuits}},
	url = {https://books.google.fi/books?id=4ApqHAAACAAJ},
	publisher = {McGraw-Hill},
	author = {Moore, G.E.},
	year = {1965},
}


@article{ojala:2002,
	title = {Multiresolution gray-scale and rotation invariant texture classification with local binary patterns},
	volume = {24},
	% copyright = {https://ieeexplore.ieee.org/Xplorehelp/downloads/license-information/IEEE.html},
	issn = {0162-8828},
	url = {http://ieeexplore.ieee.org/document/1017623/},
	doi = {10.1109/TPAMI.2002.1017623},
	language = {en},
	number = {7},
	urldate = {2025-05-28},
	journal = {IEEE Transactions on Pattern Analysis and Machine Intelligence},
	author = {Ojala, T. and Pietikainen, M. and Maenpaa, T.},
	month = jul,
	year = {2002},
	pages = {971--987},
}

@Book{riekki:1998,
    author = "Riekki, J.",
    year = "1998",
    title = "Reactive task execution of a mobile robot",
    publisher = "Acta Universitatis Ouluensis C 129"
}

@Book{pietikainen:2011,
    author =   "Pietikäinen, M. and Hadid, A. and Zhao, G. and Ahonen, A.", 
    year =   "2011",
    title =   "Computer vision using local binary patterns",
    publisher =   "London, Springer-Verlag"
}

@inproceedings{cvejic:2005,
    author =   "Cvejic, N. and Seppänen, T.", 
    year =   "2005",
    title =   "Digital audio watermarking",
    booktitle =   "Digital watermarking for digital media",
    address = "Hershey, PA, Idea Group",
    pages = "135-181",
    editor = "{Seitz J.}"
}

@inproceedings{heikkila:1997,
    author = {Heikkilä, J. and Silvén ,O.},
    title = {A four-step camera calibration procedure with implicit image correction},
    year = {1997},
    booktitle = {Proc. 1997 IEEE Computer Society Conference on Computer Vision and Pattern Recognition, San Juan, Puerto Rico},
    pages = {1106-1112},
    note = "DOI: \url{http://dx.doi.org/10.1109/CVPR.1997.609468}"
}

@Book{heikkinen:2011,
    author = "Heikkinen, K.",
    title = "Design specification of a dashboard interface for the management of steel service centers",
    year = "2011",
    publisher = "Master's thesis",
    address = "University of Oulu, Department of Computer Science and Engineering"
}

@misc{toivonen:2004,
    author = "Toivonen, T. and Heikkilä, J. and Silvén ,O.",
    title = "{Oulun yliopisto, assignee. Method and device for coding successive images}",
    year = "2004",
    note = "European patent 1438861"
}

@book{asuntoliitto_asumistaso_1969,
	address = {Helsinki},
	title = {Asumistaso : asuntoasiain vuosikirja},
	url = {https://www.finna.fi/Record/tuni.991792974205973},
	publisher = {Suomen asuntoliitto},
	author = {{Suomen Asuntoliitto} and {Asuntoreformiyhdistys} and {Suomen asuntomessut}},
	year = {1969},
}
